<?xml version="1.0" encoding="UTF-8"?><collection xmlns="http://www.loc.gov/MARC21/slim"><record><leader>00550nam--2200181-i-4500</leader><controlfield tag="001">000028262</controlfield><controlfield tag="002">20161230</controlfield><controlfield tag="005">20161230201037</controlfield><controlfield tag="008">060222s1000------------r-----000-0-fre-d</controlfield><datafield ind1=" " ind2=" " tag="040"><subfield code="a">IFIN-HH</subfield></datafield><datafield ind1=" " ind2=" " tag="041"><subfield code="a">fre</subfield></datafield><datafield ind1=" " ind2=" " tag="080"><subfield code="a">502:535.243(043)</subfield></datafield><datafield ind1="1" ind2=" " tag="100"><subfield code="a">Le Bihan, Alain</subfield></datafield><datafield ind1="1" ind2="0" tag="245"><subfield code="a">Application de la spectroscopie d`absobtion atomique a l`etude de la pollution de l`eau de mer par les metaux et les detergents</subfield><subfield code="b">These</subfield><subfield code="c">Alain le bihan</subfield></datafield><datafield ind1=" " ind2=" " tag="260"><subfield code="a">Brest</subfield><subfield code="b">Universite</subfield><subfield code="c">1970</subfield></datafield><datafield ind1=" " ind2=" " tag="300"><subfield code="a">68P</subfield></datafield><datafield ind1=" " ind2=" " tag="852"><subfield code="a">74106</subfield><subfield code="c">535</subfield></datafield><datafield ind1=" " ind2=" " tag="CAT"><subfield code="a">Sys</subfield><subfield code="c">20110126</subfield><subfield code="h">113418</subfield></datafield></record></collection>